@inproceedings{ramesh2021zero,
  title={Zero-shot text-to-image generation},
  author={Ramesh, Aditya and Pavlov, Mikhail and Goh, Gabriel and Gray, Scott and Voss, Chelsea and Radford, Alec and Chen, Mark and Sutskever, Ilya},
  booktitle={International Conference on Machine Learning},
  pages={8821--8831},
  year={2021},
  organization={PMLR}
}

@article{radford2019language,
	title={Language models are unsupervised multitask learners},
	author={Radford, Alec and Wu, Jeffrey and Child, Rewon and Luan, David and Amodei, Dario and Sutskever, Ilya and others},
	journal={OpenAI blog},
	volume={1},
	number={8},
	pages={9},
	year={2019}
}

@article{van2017neural,
	title={Neural discrete representation learning},
	author={Van Den Oord, Aaron and Vinyals, Oriol and others},
	journal={Advances in neural information processing systems},
	volume={30},
	year={2017}
}

@article{razavi2019generating,
	title={Generating diverse high-fidelity images with vq-vae-2},
	author={Razavi, Ali and Van den Oord, Aaron and Vinyals, Oriol},
	journal={Advances in neural information processing systems},
	volume={32},
	year={2019}
}

@article{sennrich2015neural,
	title={Neural machine translation of rare words with subword units},
	author={Sennrich, Rico and Haddow, Barry and Birch, Alexandra},
	journal={arXiv preprint arXiv:1508.07909},
	year={2015}
}
